@article {kantas:doucet:signh:2015,
    AUTHOR = {Kantas, N. and Doucet, A. and Singh, S.S. and
              Maciejowski, J. and Chopin, N.},
     TITLE = {On particle methods for parameter estimation in state-space
              models},
   JOURNAL = {Statist. Sci.},
  FJOURNAL = {Statistical Science. A Review Journal of the Institute of
              Mathematical Statistics},
    VOLUME = {30},
      YEAR = {2015},
    NUMBER = {3},
     PAGES = {328--351},
      ISSN = {0883-4237},
   MRCLASS = {62M05 (62F15 62M20)},
  MRNUMBER = {3383884},
MRREVIEWER = {Teo Sharia},
       DOI = {10.1214/14-STS511},
       URL = {http://dx.doi.org/10.1214/14-STS511},
}
	
@article{douc:olsson:2017,
  author = {Douc, R. and Olsson, J.},
  title = {Numerically stable online estimation of variance in particle filters},
  journal = {arXiv:1701.01001},
  year = {2017}
}			

@article{bresler:1986,
author = {Bresler, Y.},
title = {Two-filter formulae for discrete-time non-linear bayesian smoothing},
journal = {International {J}ournal of {C}ontrol},
year = {1986},
volume= {2},
pages= {629--641}
}

@article{kitagawa:1994,
author = {Kitagawa, G.},
title = {The two-filter formula for smoothing and an implementation of the {G}aussian-sum smoother},
journal = {Ann. {I}nst. {S}tatist. {M}ath.},
year = {1994},
volume= {46},
number= {4},
pages= {605--623}
}

@article{persing:jasra:2013,
author = {Persing, A. and Jasra, A.},
title = {Likelihood computation for hidden Markov models via generalized two-filter smoothing},
journal = {Statistics \& Probability Letters},
year = {2013},
volume= {83},
number= {5},
pages= {1433--1442}
}


@article{lee:whiteley:2015,
	author = "Lee, A. and Whiteley, N.",
	journal = "arXiv:1509.00394",
	title = "{Variance estimation and allocation in the particle filter}",
	year = "2015"
}

@article{doucet:poyiadjis:singh:2011,
	author = "Poyiadjis, G. and Doucet, A. and Singh, S.S",
	journal = "Biometrika",
	pages = "65--80",
	title = "{Particle approximations of the score and observed information matrix in state space models with application to parameter estimation}",
	volume = "98",
	year = "2011"
}

@ARTICLE{pitt:shephard:1999,
  author = {Pitt, M. K. and Shephard, N.},
  title = {Filtering Via Simulation: Auxiliary Particle Filters},
  journal = {J. Am. Statist. Assoc.},
  year = {1999},
  volume = {94},
  pages = {590--599},
  number = {446}
}


@book{cappe:moulines:ryden:2005,
  title = {Inference in Hidden {M}arkov Models},
  publisher = {Springer},
  year = {2005},
  author = {O. Capp\'{e} and E. Moulines and T. Ryd\'{e}n}
  }

  @book{delmoral:2004,
  title = {{F}eynman-Kac {F}ormulae. {G}enealogical and Interacting Particle
    Systems with Applications},
  publisher = {Springer},
  year = {2004},
  author = {{Del Moral}, P.}
}

  @book{royden:1988,
  title = {Real analysis},
  publisher = {Macmillan {C}o.},
  address = {New {Y}ork},
  year = {1988},
  author = {Royden, H.L.}
}

  @book{douc:moulines:stoffer:2014,
  title = {Nonlinear time series: theory, methods and applications with {R} examples},
  publisher = {{CRC P}ress},
  year = {2014},
  author = {Douc, R. and Moulines, E. and Stoffer, D.S.}
}
 
@article{huerzeler:kunsch:1998,
  author = {H{\"u}rzeler, M. and K{\"u}nsch, H. R.},
  title = {{M}onte {C}arlo Approximations for General State-Space Models},
  journal =  {J. Comput. Graph. Statist.},
  year = {1998},
  volume = {7},
  pages = {175--193}
}

@article{kuensch:2005,
  author = {K{\"u}nsch, H. R.},
  title = {Recursive {M}onte {C}arlo filters: Algorithms and theoretical analysis},
  journal =  {{A}nn. {S}tatist.},
  year = {2005},
  volume = {33},
  number = {5},
  pages = {1983--2021}
}

@article{douc:moulines:2008,
  author = {Douc, R. and Moulines, E.},
  title = {Limit theorems for weighted samples with applications to sequential {M}onte {C}arlo methods},
  journal =  {{A}nn. {S}tatist.},
  year = {2008},
  volume = {36},
  number = {5},
  pages = {2344--2376}
}

@article{klaas:briers:defreitas:doucet:maskell:lang:2006,
  author = {Klass, M. and de Freitas, N. and Doucet, A. and Maskell, S.R. and Lang, D.},
  title = {Fast Particle Smoother: If I Had a Million Particles},
  journal =  {23rd International Conference on Machine Learning},
  year = {2006},
  pages = {25--29}
}


@article{fearnhead:wyncoll:tawn:2010,
  author = {Fearnhead, P. and Wyncoll, D. and Tawn, J.},
  title = {A sequential smoothing algorithm with linear computational cost},
  journal =  {Biometrika},
  year = {2010},
  number = {2},
  volume = {97},
  pages = {447--464}
}

@article{dubarry:lecorff:2013,
  author = {Dubarry, C. and Le Corff, S.},
  title = {Non-asymptotic deviation inequalities for smoothed additive functionals in nonlinear state-space models},
  journal =  {Bernoulli},
  year = {2013},
  number = {5B},
  volume = {19},
  pages = {2222--2249}
}

@ARTICLE{olsson:westerborn:2015,
  author = {Olsson, J. and Westerborn, J.},
  title = {Efficient particle-based online smoothing in general hidden {M}arkov models: the {PaRIS}
algorithm},
  journal = {ArXiv:1412.7550},
  year = {2015}
}

@article{jacob:murray:rubenthaler:2013,
  author = {Jacob, P.E. and Murray, L.M. and Rubenthaler, S.},
  title = {Path storage in the particle filter},
  journal =  {Statistics and {C}omputing},
  year = {2013},
  pages = {1--10}
}

@article{gordon:salmond:smith:1993,
  author = {Gordon, N. and Salmond, D. and Smith, A.F.},
  title = {Novel approach to nonlinear/non-{G}aussian Bayesian state estimation},
  journal =  {{IEE} Proc. {F}, Radar Signal Process},
  year = {1993},
  volume = {140},
  pages = {107--113}
}

@article{kitagawa:1996,
  author = {Kitagawa, G.},
  title = {{M}onte-{C}arlo filter and smoother for non-{G}aussian nonlinear
    state space models},
  journal = {J. Comput. Graph. Statist.},
  year = {1996},
  volume = {1},
  pages = {1--25}
}


@article{doucet:godsill:andrieu:2000,
  author = {Doucet, A. and Godsill, S. and Andrieu, C.},
  title = {On sequential {M}onte-{C}arlo sampling methods for {B}ayesian filtering},
  journal = {Stat. Comput.},
  year = {2000},
  volume = {10},
  pages = {197--208},
  localurl = {https://markov.enst.fr/files/cappe/ihmm/doucet_godsill_andrieu_2000.pdf}
  }

  @article{godsill:doucet:west:2004,
  author = {S. J. Godsill and A. Doucet and M. West},
  title = {{M}onte {C}arlo smoothing for non-linear time series},
  journal = {J. Am. Statist. Assoc.},
  year = {2004},
  volume = {50},
  pages = {438--449}
}

@article{delmoral:doucet:singh:2010,
	title = { {A} {B}ackward {P}article {I}nterpretation of {F}eynman-{K}ac {F}ormulae},
	author = {{D}el {M}oral, {P}. and {D}oucet, {A}. and {S}ingh, {S}.},
    journal = {ESAIM M2AN},
    volume= 44,
    number= 5,
    pages= {947--975},
    year= 2010
}

@article{lecorff:fort:2013a,
  title={Convergence of a particle-based approximation of the Block Online {E}xpectation {M}aximization algorithm},
  author={Le Corff, S. and Fort, G.},
  journal={ACM Transactions on Modeling and Computer Simulation},
  volume={23},
  number={1},
  pages={2},
  year={2013},
  publisher={ACM}
}

@article{lecorff:fort:2013b,
  title={Online {E}xpectation {M}aximization based algorithms for inference in hidden {M}arkov models},
  author={Le Corff, S. and Fort, G.},
  journal={Electronic Journal of Statistics},
  volume={7},
  pages={763--792},
  year={2013},
  publisher={Institute of Mathematical Statistics}
}

@book{doucet:defreitas:gordon:2001,
  title={Sequential Monte Carlo methods in practice},
  editor={Doucet, A. and de Freitas, N. and Gordon, N.},
  year={2001},
  publisher={Springer}
}

@article{douc:garivier:moulines:olsson:2011,
  author = {Douc, R. and Garivier, A. and Moulines, E. and Olsson, J.},
  title = {Sequential {M}onte {C}arlo smoothing for general state space hidden {M}arkov models},
  journal = {Ann. Appl. Probab.},
  year = {2011},
  volume= {21},
    number= {6},
    pages= {2109--2145}
}

@article{briers:doucet:maskell:2010,
  author = {Briers, M. and Doucet, A. and Maskell, S.},
  title = {Smoothing Algorithms for State-Space Models},
  journal = {{A}nnals {I}nstitute {S}tatistical {M}athematics},
  volume= 62,
  number= 1,
  pages = {61--89},
  year = {2010}
}

@article{mongillo:deneve:2008,
  author = {Mongillo, G. and Deneve, S.},
  title = {Online learning with hidden {M}arkov models},
  journal = {Neural Computation},
  volume= 20,
  number= 7,
  pages = {1706--1716},
  year = {2008}
}

@article{cappe:2011,
  author = {Cappe, O.},
  title = {Online {EM} algorithm for hidden {M}arkov models},
  journal = {Journal of {C}omputational and
{G}raphical {S}tatistics},
  volume= 20,
  number= 73,
  pages = {728--749},
  year = {2011}
}